% Encoding: UTF-8

@Book{C++PrimerPlus,
  title     = {\bfseries C++ Primer Plus 中文版},
  publisher = {人民邮电出版社},
  year      = {2012},
  author    = {Stephen Prata},
  editor    = {张海龙 袁国忠 译},
  series    = {C和C++实务精选},
  edition   = {6th},
  month     = jun,
  isbn      = {9787115279460},
}


@Comment{jabref-meta: databaseType:bibtex;}
